@BOOK {oAVR76a,
        AUTHOR={Avriel, M.},
        TITLE={Nonlinear Programming:  Analysis and Methods},
        PUBLISHER={Prentice-Hall},
        ADDRESS={Englewood Cliffs, N.J.},
        YEAR={1976}  }

@article{Amigo,
 author = {Amig\'{o}, E. and Gonzalo, J. and Artiles, J. and Verdejo, F.},
 title = {A comparison of extrinsic clustering evaluation metrics based on formal constraints},
 journal = {Information Retrieval},
 volume = {12},
 number = {4},
 year = {2009},
 pages = {461--486},
}

@INPROCEEDINGS{Bagga,
    author = {Bagga, A. and Baldwin, B.},
    title = {Algorithms for Scoring Coreference Chains},
    booktitle = {International Conference on Language Resources and Evaluation Workshop on Linguistics Coreference},
    year = {1998},
    pages = {563--566}
}

@inproceedings{Marlin12,
 author = {Marlin, B. and Kale, D. and Khemani, R. and Wetzel, R.},
 title = {Unsupervised pattern discovery in electronic health care data using probabilistic clustering models},
 booktitle = {Proceedings of the ACM SIGHIT International Health Informatics Symposium},
 year = {2012},
 location = {Miami, Florida, USA},
 pages = {389--398},
}

@INPROCEEDINGS{Saria07,
    author = {Saria, S. and Nodelman, U. and Koller, D.},
    title = {Reasoning at the right time granularity},
 booktitle = {Proceedings of the conference on Uncertainty in Artificial Intelligence},
    year = {2007},
}

@INPROCEEDINGS{Murillo,
    author = {Leiva-Murillo, J. and Rodriguez, A. and Baca-Garcia, E.},
    title = {Visualization and Prediction of Disease Interactions with Continuous-Time Hidden Markov Models},
    booktitle = {In NIPS, Predictive Models in Personalized Medicine workshop},
    year = {2011},
}

@Article{Gruger,
   Author="Gruger, J.  and Kay, R.  and Schumacher, M. ",
   Title="{{T}he validity of inferences based on incomplete observations in disease state models}",
   Journal="Biometrics",
   Year="1991",
   Volume="47",
   Number="2",
   Pages="595--605",
}


@INPROCEEDINGS{Saria09,
    author = {Saria, S. and Koller, K. and Penn, A.},
    title = {Learning individual and population level traits from clinical temporal data},
    booktitle = {In NIPS, Predictive Models in Personalized Medicine workshop},
    year = {2010}
}

@article{Jackson10,
  author =	"Jackson, C.",
  title =	"Multi-State Models for Panel Data: The msm Package for R",
  journal =	"Journal of Statistical Software",
  volume =	"38",
  number =	"8",
  pages =	"1--28",
  year = 	"2011",
}

@article{scikit,
 title={Scikit-learn: Machine Learning in {P}ython},
 author={Pedregosa, F. and Varoquaux, G. and Gramfort, A. and Michel, V.
         and Thirion, B. and Grisel, O. and Blondel, M. and Prettenhofer, P.
         and Weiss, R. and Dubourg, V. and Vanderplas, J. and Passos, A. and
         Cournapeau, D. and Brucher, M. and Perrot, M. and Duchesnay, E.},
 journal={Journal of Machine Learning Research},
 volume={12},
 pages={2825--2830},
 year={2011}
}

@article{YehCS12,
  author    = {Yeh, H. and
               Chan, W. and
               Symanski, E.},
  title     = {Intermittent Missing Observations in Discrete-Time Hidden
               Markov Models},
  journal   = {Communications in Statistics - Simulation and Computation},
  volume    = {41},
  number    = {2},
  year      = {2012},
  pages     = {167-181},
}



  @Book{ggplot2,
    author = {Wickham, H.},
    title = {ggplot2: elegant graphics for data analysis},
    publisher = {Springer New York},
    year = {2009},
  }


@inproceedings{Nodelman02,
 author = {Nodelman, U. and Shelton, C. and Koller, D.},
 title = {Learning continuous time {B}ayesian networks},
 booktitle = {Proceedings of the conference on Uncertainty in Artificial Intelligence},
 year = {2003},
 pages = {451--458},
}

%@INPROCEEDINGS{Cadez00ageneral,
%    author = {Cadez and Scott Gaffney and Padhraic Smyth},
%    title = {A General Probabilistic Framework for Clustering Individuals},
%    booktitle = {Proceedings of the ACM SIGKDD International Conference on Knowledge Discovery and Data Mining},
%    year = {2000},
%    pages = {140--149}
%}

@InProceedings{JebSonTha07a,
    author = "Jebara, T. and Song, Y. and Thadani, K.",
    title = "Spectral Clustering and Embedding with Hidden Markov Models",
    booktitle = "Procedings of the European Conference on Machine Learning",
    year = "2007"}

@Article{Hirano07,
   Author="Hirano, S.  and Tsumoto, S. ",
   Title="{{C}luster analysis of trajectory data on hospital laboratory examinations}",
   Journal="AMIA Annu Symp Proc",
   Year="2007",
   Pages="324--328"
}

@InProceedings{Hirano05,
    author = {Shoji, H. and Shusaku, T.},
    title = {Temporal Analysis of Platelet Data in Chronic Viral Hepatitis Dataset},
    booktitle = "Procedings of the European Conference on Machine Learning",
    year = {2005}
}

@Article{Gillett,
   Author="Gillett, M.  and Royle, P.  and Snaith, A.  and Scotland, G.  and Poobalan, A.  and Imamura, M.  and Black, C.  and Boroujerdi, M.  and Jick, S.  and Wyness, L.  and McNamee, P.  and Brennan, A.  and Waugh, N. ",
   Title="{{N}on-pharmacological interventions to reduce the risk of diabetes in people with impaired glucose regulation: a systematic review and economic evaluation}",
   Journal="Health Technol Assess",
   Year="2012",
   Volume="16",
   Number="33",
   Pages="1--236",
}

@InProceedings{Hirano05,
    author = {Shoji, H. and Shusaku, T.},
    title = {Temporal Analysis of Platelet Data in Chronic Viral Hepatitis Dataset},
    booktitle = "Procedings of the European Conference on Machine Learning",
    year = {2005}
}

@book{CDC,
author = {CDC},
  title= {National diabetes fact sheet},
  year= {2011},
  publisher={U.S. Department of Health and Human Services},
}

@INPROCEEDINGS{Blei04,
    author = {Blei, D.},
    title = {Variational methods for the Dirichlet process},
    booktitle = {International Conference on Machine Learning},
    year = {2004}
}

@ARTICLE{Dempster77,
    author = {Dempster, A. and Laird, N. and Rubin, D.},
    title = {Maximum likelihood from incomplete data via the EM algorithm},
    journal = {Journal of the Royal Statistics Society, Series B},
    year = {1977},
    volume = {39},
    number = {1},
    pages = {1--38}


@ARTICLE{Blei05,
    author = {David, B. and Jordan M.},
    title = {Variational inference for Dirichlet process mixtures},
    journal = {Bayesian Analysis},
    year = {2005},
    volume = {1},
    pages = {121--144}
}


@article{Ferguson1973,
    author = "Ferguson, Thomas S.",
    title = "A Bayesian Analysis of Some Nonparametric Problems",
    year = "1973",
    journal = "The Annals of Statistics",
    url = "/ref/ferguson/ferguson73.pdf",
    keywords = "Bayes,Nonparametric,npbayes",
}

@misc{anonymous,
  title= {Suppressed for Anonymity},
  author= {Author, N. N.},
  year= {2011},
}
